<record><leader>00000cas a22000007a 4500</leader><controlfield tag="001">27781271</controlfield><controlfield tag="008">930323d195219uuokuwr n       0    0eng d</controlfield><datafield ind1=" " ind2=" " tag="010"><subfield code="a">sn 93065962 </subfield></datafield><datafield ind1=" " ind2=" " tag="040"><subfield code="a">OBN</subfield><subfield code="b">eng</subfield><subfield code="c">OBN</subfield><subfield code="d">OCLCQ</subfield><subfield code="d">OCLCO</subfield></datafield><datafield ind1="1" ind2=" " tag="029"><subfield code="a">AU@</subfield><subfield code="b">000020744730</subfield></datafield><datafield ind1=" " ind2=" " tag="042"><subfield code="a">msc</subfield></datafield><datafield ind1=" " ind2=" " tag="043"><subfield code="a">n-us-ok</subfield></datafield><datafield ind1="0" ind2="4" tag="245"><subfield code="a">The McCurtain leader.</subfield></datafield><datafield ind1=" " ind2=" " tag="260"><subfield code="a">McCurtain, Okla. :</subfield><subfield code="b">V.B. Tolman</subfield></datafield><datafield ind1=" " ind2=" " tag="300"><subfield code="a">v.</subfield></datafield><datafield ind1=" " ind2=" " tag="310"><subfield code="a">Weekly</subfield></datafield><datafield ind1="0" ind2=" " tag="362"><subfield code="a">Vol. 1, no. 1 (Apr. 10, 1952)-</subfield></datafield><datafield ind1=" " ind2="0" tag="651"><subfield code="a">McCurtain (Okla.)</subfield><subfield code="v">Newspapers.</subfield></datafield><datafield ind1=" " ind2="0" tag="651"><subfield code="a">Haskell County (Okla.)</subfield><subfield code="v">Newspapers.</subfield></datafield><datafield ind1=" " ind2=" " tag="752"><subfield code="a">United States</subfield><subfield code="b">Oklahoma</subfield><subfield code="c">Haskell</subfield><subfield code="d">McCurtain.</subfield></datafield><datafield ind1="0" ind2="7" tag="785"><subfield code="t">Quinton times (Quinton, Okla. : 1918)</subfield><subfield code="w">(DLC)sn 97070048</subfield><subfield code="w">(OCoLC)37280955</subfield></datafield><datafield ind1="0" ind2="7" tag="785"><subfield code="t">Quinton times and the McCurtain leader</subfield><subfield code="w">(DLC)sn 97070049</subfield><subfield code="w">(OCoLC)37280979</subfield></datafield></record>